
% From Lit-review-1.bib
@inproceedings{angrisaniInnovativeAirQuality2019,
  title = {An Innovative Air Quality Monitoring System Based on Drone and {IoT} Enabling Technologies},
  booktitle = {2019 {{IEEE International Workshop}} on {{Metrology}} for {{Agriculture}} and {{Forestry}} ({{MetroAgriFor}})},
  author = {Angrisani, L. and Amodio, A. and Arpaia, P. and Asciolla, M. and Bellizzi, A. and Bonavolont{\`a}, F. and Carbone, R. and Caputo, E. and Karamanolis, G. and Martire, V. and Marvaso, M. and Peirce, R. and Picardi, A. and Termo, G. and Toni, A. M. and Viola, G. and Zimmaro, A.},
  year = {2019},
  spages = {207--211},
  doi = {10.1109/MetroAgriFor.2019.8909245}
}

@article{behjatiLoRaCommunicationsEnabler2021,
  title = {{LoRa} Communications as an Enabler for Internet of Drones towards Large-Scale Livestock Monitoring in Rural Farms},
  author = {Behjati, Mehran and Mohd Noh, Aishah Binti and Alobaidy, Haider A. H. and Zulkifley, Muhammad Aidiel and Nordin, Rosdiadee and Abdullah, Nor Fadzilah},
  year = {2021},
  journal = {Sensors},
  volume = {21},
  number = {15, article no. 5044},
  doi = {10.3390/s21155044}
}

@article{carusoCollectionDataDrones2021,
  title = {Collection of Data With Drones in Precision Agriculture: Analytical Model and {LoRa} Case Study},
  author = {Caruso, Antonio and Chessa, Stefano and Escolar, Soledad and Barba, Jes{\'u}s and L{\'o}pez, Juan Carlos},
  year = {2021},
  journal = {IEEE Internet of Things Journal},
  volume = {8},
  number = {22},
  pages = {16692--16704},
  doi = {10.1109/JIOT.2021.3075561}
}

@inproceedings{chenLoRaBasedAirQuality2018,
  title = {A {LoRa}-Based Air Quality Monitor on Unmanned Aerial Vehicle for Smart City},
  booktitle = {2018 {{International Conference}} on {{System Science}} and {{Engineering}} ({{ICSSE}})},
  author = {Chen, Liang-Yu and Huang, Hsiao-Shih and Wu, Cheng-Ju and Tsai, Yi-Ting and Chang, Yue-Shan},
  year = {2018},
  doi = {10.1109/ICSSE.2018.8519967}
}

@inproceedings{dambalImprovingLoRaSignal2019,
  title = {Improving {LoRa} Signal Coverage in Urban and Sub-Urban Environments with {UAVs}},
  booktitle = {2019 {{International Workshop}} on {{Antenna Technology}} ({{iWAT}})},
  author = {Dambal, Vageesh Anand and Mohadikar, Sameer and Kumbhar, Abhaykumar and Guvenc, Ismail},
  year = {2019},
  spages = {210--213},
  doi = {10.1109/IWAT.2019.8730598}
}
